<mx:record xmlns="http://www.w3.org/TR/xhtml1/strict" xmlns:mx="http://www.loc.gov/MARC21/slim" xmlns:xsi="http://www.w3.org/2001/XMLSchema-instance"><mx:leader>00000nz   2200000n  4500</mx:leader><mx:controlfield tag="001">oca06932470 </mx:controlfield><mx:controlfield tag="005">20060506033115.0</mx:controlfield><mx:controlfield tag="008">060404n| acannaabn          |a aaa     c</mx:controlfield><mx:datafield ind1=" " ind2=" " tag="010"><mx:subfield code="a">nr2006009269</mx:subfield></mx:datafield><mx:datafield ind1=" " ind2=" " tag="040"><mx:subfield code="a">UPB</mx:subfield><mx:subfield code="b">eng</mx:subfield><mx:subfield code="c">UPB</mx:subfield></mx:datafield><mx:datafield ind1="0" ind2=" " tag="100"><mx:subfield code="a">Petrus,</mx:subfield><mx:subfield code="c">of Thessalonica,</mx:subfield><mx:subfield code="d">6th cent.</mx:subfield></mx:datafield><mx:datafield ind1="0" ind2=" " tag="400"><mx:subfield code="a">Petrus,</mx:subfield><mx:subfield code="c">Illyrius,</mx:subfield><mx:subfield code="d">6th cent.</mx:subfield></mx:datafield><mx:datafield ind1=" " ind2=" " tag="670"><mx:subfield code="a">Dexippi, Eunapii, Petri Patricii, Prisci, Malchi, Menandri Historiarum quae supersunt, 1829:</mx:subfield><mx:subfield code="b">p. xxi (Petrus, born in Thessalonica, calle Illyrius by Procopius; a legate of Justinian in 534)</mx:subfield></mx:datafield><mx:datafield ind1=" " ind2=" " tag="670"><mx:subfield code="a">RLIN, Apr. 4, 2006</mx:subfield><mx:subfield code="b">(hdg.: Perus, of Thessalonica, Patricius et Magister; no usage)</mx:subfield></mx:datafield><mx:datafield ind1=" " ind2=" " tag="999"><mx:subfield code="a">4</mx:subfield></mx:datafield></mx:record>